@misc{biq_mac,
	author = {Wiegele, Angelika},
	title = {Biq Mac Library - A collection of Max-Cut and
quadratic 0-1 programming instances of medium size},
	year = {2007}
},
@misc{algorithms,
  author = {Xiao, Allan},
  title = {COMPSCI 532: Design and Analysis of Algorithms},
  file = {https://courses.cs.duke.edu/cps232/fall15/scribe_notes/lec17.pdf}
}
